@online{JuliaBenchmarks,
  author = {Akash Patel},
  title = {Producing the Julia Microbenchmarks plot},
  year = 2022,
  url = {https://github.com/JuliaLang/Microbenchmarks/blob/345817f9693defe2448c6d4f50b1fbb2bfd45753/bin/benchmarks.ipynb},
  urldate = {2023-12-14}
}

@book{storopoli2021julia,
  added-at = {2023-10-16T12:19:31.000+0200},
  author = {Storopoli, Jose and Huijzer, Rik and Alonso, Lazaro},
  biburl = {https://www.bibsonomy.org/bibtex/201ab405034e2941b160771e4e9488923/gdmcbain},
  interhash = {002cec6ac0cbfa4cf29db2ac48afd8c4},
  intrahash = {01ab405034e2941b160771e4e9488923},
  isbn = {9798489859165},
  keywords = {62-04-statistics-explicit-machine-computation-and-programs 62-07-data-analysis 62-08-computational-methods-for-problems-for-statistics 68n15-programming-languages julialang},
  timestamp = {2023-11-10T04:41:55.000+0100},
  title = {Julia Data Science },
  url = {https://juliadatascience.io},
  year = 2021
}

@article{Bezanson_Julia_A_fresh_2017,
author = {Bezanson, Jeff and Edelman, Alan and Karpinski, Stefan and Shah, Viral B.},
doi = {10.1137/141000671},
journal = {SIAM Review},
month = sep,
number = {1},
pages = {65--98},
title = {{Julia: A fresh approach to numerical computing}},
volume = {59},
year = {2017}
}

@article{roesch2023julia,
  title={Julia for biologists},
  author={Roesch, Elisabeth and Greener, Joe G and MacLean, Adam L and Nassar, Huda and Rackauckas, Christopher and Holy, Timothy E and Stumpf, Michael PH},
  doi = {10.1038/s41592-023-01832-z},
  journal={Nature Methods},
  volume={20},
  number={5},
  pages={655--664},
  year={2023},
  publisher={Nature Publishing Group US New York}
}

@online {juliaName,
  author = {Jeff Bezanson},
  title = {CAS benchmarks (Symbolics.jl and Maxima)},
  year = 2021,
  url = {https://discourse.julialang.org/t/cas-benchmarks-symbolics-jl-and-maxima/58359/16},
  urldate = {2023-12-21}
}

@online{HEP_Mini_workshop,
  author = {Benjamin Krikler},
  title = {Julia for HEP Mini-workshop},
  year = {2021},   
  url = {https://indico.cern.ch/event/1074269/},
  urldate = {2024-01-15}
}

@online{juliacon2014,
  organization = {JuliaCon Organizing Committee},
  title = {JuliaCon},
  year = {2014},   
  url = {https://juliacon.org/2014/},
  urldate = {2023-12-21}
}

@online{juliacon2020,
  organization = {JuliaCon Organizing Committee},
  title = {JuliaCon goes Virtual!},
  year = {2020},
  url = {https://juliacon.org/2020/covid19/},
  urldate = {2023-12-21}
}

@online{juliaconBlackrock,
  organization = {BlackRock},
  title = {Aladdin Analytics Platform},
  year = {2015},
  url = {https://juliahub.com/case-studies/blackrock/},
  urldate = {2024-01-02}
}